
@inbook{washington_elliptic_2008,
	title = {Elliptic Curves: Number Theory and Cryptography, Second Edition},
	volume = {20080550},
	isbn = {978-1-4200-7146-7 978-1-4200-7147-4},
	url = {https://www.taylorfrancis.com/books/9781420071474},
	series = {Discrete Mathematics and Its Applications},
	shorttitle = {Elliptic Curves},
	publisher = {Chapman and Hall/{CRC}},
	author = {Washington, Lawrence},
	urldate = {2019-12-07},
	date = {2008-04-03},
	langid = {english},
	doi = {10.1201/9781420071474},
	pages = {10,11}
}


